<?xml version="1.0" encoding="UTF-8"?><collection xmlns="http://www.loc.gov/MARC21/slim"><record><leader>00432nam--2200157-i-4500</leader><controlfield tag="001">000015767</controlfield><controlfield tag="002">20161230</controlfield><controlfield tag="005">20170220002203</controlfield><controlfield tag="008">060222s1000------------r-----000-0-eng-d</controlfield><datafield ind1=" " ind2=" " tag="100"><subfield code="a">Coculescu, Lucia</subfield></datafield><datafield ind1=" " ind2=" " tag="245"><subfield code="a">Teleinformatica prefata: Mihai Draganescu</subfield></datafield><datafield ind1=" " ind2=" " tag="260"><subfield code="a">Bucuresti</subfield><subfield code="b">Editura Stiintifica Si Enciclopedic A</subfield><subfield code="c">1986</subfield></datafield><datafield ind1=" " ind2=" " tag="300"><subfield code="a">487 p</subfield></datafield><datafield ind1=" " ind2=" " tag="700"><subfield code="a">Pilat, Florin-Vladimir</subfield></datafield><datafield ind1=" " ind2=" " tag="852"><subfield code="a">681.1</subfield></datafield><datafield ind1=" " ind2=" " tag="CAT"><subfield code="a">SYS</subfield><subfield code="c">20170220</subfield><subfield code="h">002203</subfield></datafield></record></collection>